@misc{citation1,
    author = {Mr.K.J.Sharma},
    title = {WEB APPLICATION DEVELOPMENT},
    year = {2015},
    url = {https://baou.edu.in/assets/pdf/PGDCA-202_slm.pdf},
    urldate = {2024-05-31}
}

@misc{citation2,
    title = {What is MySQL?},
    url = {https://www.oracle.com/mysql/what-is-mysql/},
    year = {2024},
    urldate = {2024-05-31}
}

@misc{citation3,
    author = {Herbert Schildt},
    title = {JAVA The Complete Reference Ninth Edition},
    year = {2014},
    url = {https://www.sietk.org/downloads/javabook.pdf},
    urldate = {2024-05-31} 
}

@misc{citation4,
    title = {Spring Framework Documentation},
    year = {2022},
    url = {https://docs.spring.io/spring-framework/docs/6.0.0/reference/pdf/spring-framework.pdf},
    urldate = {2024-05-31} 
}

@misc{citation5,
    title = {Introduction to the Angular docs},
    year = {2024},
    url = {https://angular.io/docs},
    urldate = {2024-05-31} 
}

@misc{citation6,
    author = {Sebasti√°n E. Peyrott},
    title = {JWT HANDBOOK},
    year = {2018},
    url = {https://assets.ctfassets.net/2ntc334xpx65/o5J4X472PQUI4ai6cAcqg/13a2611de03b2c8edbd09c3ca14ae86b/jwt-handbook-v0_14_1.pdf},
    urldate = {2024-06-01}
}

@misc{citation7,
    author = {Vladimir Khorikov},
    title = {Unit Testing - Principles, Practices, and Patterns},
    year = {2020},
    url = {https://books-library.net/files/books-library.net-07192142Kn9I3.pdf},
    urldate = {2024-06-01}
}

@misc{citation8,
    author = {Stuart Anderson},
    title = {Integration Testing},
    year = {2011},
    url = {https://www.inf.ed.ac.uk/teaching/courses/st/2011-12/Resource-folder/10_integration.pdf},
    urldate = {2024-06-01}
}

@misc{citation9,
    author = {Buse Kanal},
    title = {The Significance of Dark Mode in App Design and User Retention},
    year = {2023},
    url = {https://www.shyftup.com/blog/the-significance-of-dark-mode-in-app-design-and-user-retention/},
    urldate = {2024-06-01}
}


